<?xml version="1.0" encoding="UTF-8"?><collection xmlns="http://www.loc.gov/MARC21/slim"><record><leader>00466nam--2200169-i-4500</leader><controlfield tag="001">000022288</controlfield><controlfield tag="002">20161230</controlfield><controlfield tag="005">20170222164926</controlfield><controlfield tag="008">060222s1000------------r-----000-0-eng-d</controlfield><datafield ind1=" " ind2=" " tag="040"><subfield code="a">IFIN-HH</subfield></datafield><datafield ind1=" " ind2=" " tag="080"><subfield code="a">802.0:800.7</subfield></datafield><datafield ind1="1" ind2=" " tag="100"><subfield code="a">Dutescu, Dan</subfield></datafield><datafield ind1="1" ind2="0" tag="245"><subfield code="a">Humour in english</subfield><subfield code="b">Texte culese, adnotate si prelucrate de Dan Dutescu</subfield><subfield code="c">Dan Dutescu</subfield></datafield><datafield ind1=" " ind2=" " tag="260"><subfield code="a">Bucuresti</subfield><subfield code="b">Editura Stiintifica</subfield><subfield code="c">1964</subfield></datafield><datafield ind1=" " ind2=" " tag="300"><subfield code="a">183 p</subfield></datafield><datafield ind1=" " ind2=" " tag="852"><subfield code="a">295</subfield><subfield code="c">4</subfield></datafield><datafield ind1=" " ind2=" " tag="CAT"><subfield code="a">SYS</subfield><subfield code="c">20170222</subfield><subfield code="h">164926</subfield></datafield></record></collection>